@article{svozil_1997, title={Introduction to multi-layer feed-forward neural networks}, volume={39}, DOI={10.1016/s0169-7439(97)00061-0}, number={1}, journal={Chemometrics and Intelligent Laboratory Systems}, author={Svozil, Daniel and Kvasnicka, Vladimír and Pospichal Jiri}, year={1997}, pages={43–62}}

@book{arbogast_1800, place={Strasbourg}, title={Du calcul des derivations}, publisher={Levrault}, author={Arbogast, L. F. A.}, year={1800}}

@article{gan_2017, title={Some remarks on formal power series and formal Laurent series}, volume={67}, DOI={10.1515/ms-2016-0297}, number={3}, journal={Mathematica Slovaca}, author={Bugajewski, Dariusz and Gan, Xiao-Xiong}, year={2017}, month={Jan}}

@article{fel_2006, title={Restricted partition functions as Bernoulli and Eulerian polynomials of higher order}, volume={11}, DOI={10.1007/s11139-006-8479-5}, number={3}, journal={The Ramanujan Journal}, author={Rubinstein, Boris Y. and Fel, Leonid G.}, year={2006}, pages={331–347}}

@article{brent_kung_1978, title={Fast Algorithms for Manipulating Formal Power Series}, volume={25}, DOI={10.1145/322092.322099}, number={4}, journal={Journal of the ACM (JACM)}, author={Brent, R. P. and Kung, H. T.}, year={1978}, pages={581–595}}

@article{kalveram_1993, title={Power series and neural-net computing}, volume={5}, DOI={10.1016/0925-2312(93)90004-m}, number={4-5}, journal={Neurocomputing}, author={Kalveram, K.th}, year={1993}, pages={165–174}}